<record><leader>00000cas a22000007a 4500</leader><controlfield tag="001">11202601</controlfield><controlfield tag="008">840927d1984198ucauwr ne      0   a0eng d</controlfield><datafield ind1=" " ind2=" " tag="010"><subfield code="a">sn 84002221 </subfield></datafield><datafield ind1=" " ind2=" " tag="040"><subfield code="a">NSD</subfield><subfield code="b">eng</subfield><subfield code="c">NSD</subfield><subfield code="d">OCLCQ</subfield></datafield><datafield ind1=" " ind2=" " tag="012"><subfield code="j">0</subfield><subfield code="m">1</subfield></datafield><datafield ind1="1" ind2=" " tag="022"><subfield code="a">8750-2755</subfield><subfield code="l">8750-2755</subfield><subfield code="2">1</subfield></datafield><datafield ind1="1" ind2=" " tag="029"><subfield code="a">AU@</subfield><subfield code="b">000025839002</subfield></datafield><datafield ind1=" " ind2=" " tag="032"><subfield code="a">727510</subfield><subfield code="b">USPS</subfield></datafield><datafield ind1=" " ind2=" " tag="037"><subfield code="b">Light II, P.O. Box 1927, La Jolla, CA 92038</subfield></datafield><datafield ind1=" " ind2=" " tag="042"><subfield code="a">nsdp</subfield></datafield><datafield ind1=" " ind2="0" tag="222"><subfield code="a">Light II</subfield></datafield><datafield ind1="0" ind2="0" tag="245"><subfield code="a">Light II.</subfield></datafield><datafield ind1="1" ind2="0" tag="246"><subfield code="a">Light 2</subfield></datafield><datafield ind1="1" ind2="0" tag="246"><subfield code="a">Light two</subfield></datafield><datafield ind1=" " ind2=" " tag="260"><subfield code="a">La Jolla, CA :</subfield><subfield code="b">La Jolla Pub. Co.,</subfield><subfield code="c">c1984-</subfield></datafield><datafield ind1=" " ind2=" " tag="310"><subfield code="a">Weekly</subfield></datafield><datafield ind1="0" ind2=" " tag="362"><subfield code="a">Thursday, Sept. 13, 1984-</subfield></datafield><datafield ind1=" " ind2=" " tag="752"><subfield code="a">United States</subfield><subfield code="b">California</subfield><subfield code="c">San Diego</subfield><subfield code="d">La Jolla.</subfield></datafield><datafield ind1="0" ind2="0" tag="785"><subfield code="t">University city light</subfield><subfield code="x">0889-8154</subfield></datafield><datafield ind1=" " ind2=" " tag="936"><subfield code="a">Sept. 13, 1984</subfield></datafield></record>